<?xml version="1.0" encoding="UTF-8"?><collection xmlns="http://www.loc.gov/MARC21/slim"><record><leader>00557nam--2200193-u-4500</leader><controlfield tag="001">000055607</controlfield><controlfield tag="002">20161230</controlfield><controlfield tag="005">20161230201052</controlfield><controlfield tag="008">130228s1000------------r-----000-0-eng-d</controlfield><datafield ind1=" " ind2=" " tag="040"><subfield code="a">IFIN-HH</subfield></datafield><datafield ind1=" " ind2=" " tag="080"><subfield code="a">413.232=3=S</subfield></datafield><datafield ind1="1" ind2=" " tag="100"><subfield code="a">Lepinga, A.A</subfield></datafield><datafield ind1="1" ind2="0" tag="245"><subfield code="a">Nemetko-russkii slovari</subfield><subfield code="b">Deutsch-russisches worterbuch</subfield><subfield code="c">A.a. lepinga, i.p. strahovoi</subfield></datafield><datafield ind1=" " ind2=" " tag="260"><subfield code="a">Moskva</subfield><subfield code="b">Inostrannih I Nationalnih Slovarei</subfield><subfield code="c">1962</subfield></datafield><datafield ind1=" " ind2=" " tag="300"><subfield code="a">2 VOL</subfield></datafield><datafield ind1="1" ind2=" " tag="700"><subfield code="a">Strahovoi, I.P</subfield></datafield><datafield ind1="1" ind2=" " tag="787"><subfield code="a">Tom.Ii. J-z</subfield><subfield code="h">/625p./1304p</subfield></datafield><datafield ind1=" " ind2=" " tag="852"><subfield code="a">D.256</subfield><subfield code="c">SLCH</subfield></datafield><datafield ind1=" " ind2=" " tag="CAT"><subfield code="a">Sys</subfield><subfield code="c">20130228</subfield><subfield code="h">161058</subfield></datafield></record></collection>